% This file was created with JabRef 2.3.1.
% Encoding: ISO8859_1

@ARTICLE{somekey,
   author = {someauthors},
